<record><leader>00000cas a2200000 a 4500</leader><controlfield tag="001">35516630</controlfield><controlfield tag="008">960911d1uuu19uumiuwr ne      0    0eng c</controlfield><datafield ind1=" " ind2=" " tag="010"><subfield code="a">sn 96077057 </subfield></datafield><datafield ind1=" " ind2=" " tag="040"><subfield code="a">MHN</subfield><subfield code="b">eng</subfield><subfield code="c">MHN</subfield><subfield code="d">OCL</subfield><subfield code="d">OCLCQ</subfield><subfield code="d">OCLCF</subfield><subfield code="d">OCLCO</subfield></datafield><datafield ind1="1" ind2=" " tag="029"><subfield code="a">AU@</subfield><subfield code="b">000012845264</subfield></datafield><datafield ind1=" " ind2=" " tag="042"><subfield code="a">pcc</subfield></datafield><datafield ind1=" " ind2=" " tag="043"><subfield code="a">n-us-mi</subfield></datafield><datafield ind1="0" ind2="4" tag="245"><subfield code="a">The Ionia weekly sentinel.</subfield></datafield><datafield ind1="1" ind2="7" tag="246"><subfield code="a">Ionia sentinel</subfield></datafield><datafield ind1=" " ind2=" " tag="260"><subfield code="a">Ionia, Mich. :</subfield><subfield code="b">James H. Kidd</subfield></datafield><datafield ind1=" " ind2=" " tag="300"><subfield code="a">v.</subfield></datafield><datafield ind1=" " ind2=" " tag="310"><subfield code="a">Weekly</subfield></datafield><datafield ind1=" " ind2=" " tag="580"><subfield code="a">Continues: Ionia sentinel?</subfield></datafield><datafield ind1=" " ind2=" " tag="580"><subfield code="a">Daily ed.: Ionia daily sentinel.</subfield></datafield><datafield ind1=" " ind2=" " tag="580"><subfield code="a">Merged with: Ionia standard, to form: Weekly sentinel-standard &lt;title uncertain&gt;.</subfield></datafield><datafield ind1=" " ind2=" " tag="588"><subfield code="a">Description based on: Vol. 39, no. 2065 (Jan. 11, 1905).</subfield></datafield><datafield ind1=" " ind2="0" tag="651"><subfield code="a">Ionia (Mich.)</subfield><subfield code="v">Newspapers.</subfield></datafield><datafield ind1=" " ind2="0" tag="651"><subfield code="a">Ionia County (Mich.)</subfield><subfield code="v">Newspapers.</subfield></datafield><datafield ind1=" " ind2="7" tag="655"><subfield code="a">Newspapers.</subfield><subfield code="2">fast</subfield><subfield code="0">(OCoLC)fst01423814</subfield></datafield><datafield ind1=" " ind2="7" tag="651"><subfield code="a">Michigan</subfield><subfield code="z">Ionia.</subfield><subfield code="2">fast</subfield><subfield code="0">(OCoLC)fst01219759</subfield></datafield><datafield ind1=" " ind2="7" tag="651"><subfield code="a">Michigan</subfield><subfield code="z">Ionia County.</subfield><subfield code="2">fast</subfield><subfield code="0">(OCoLC)fst01214778</subfield></datafield><datafield ind1=" " ind2=" " tag="752"><subfield code="a">United States</subfield><subfield code="b">Michigan</subfield><subfield code="c">Ionia</subfield><subfield code="d">Ionia.</subfield></datafield><datafield ind1="1" ind2=" " tag="775"><subfield code="t">Ionia daily sentinel</subfield><subfield code="w">(DLC)sn 96077059</subfield><subfield code="w">(OCoLC)35516543</subfield></datafield><datafield ind1="1" ind2="0" tag="780"><subfield code="t">Ionia sentinel</subfield><subfield code="w">(DLC)sn 85026489</subfield><subfield code="w">(OCoLC)12257601</subfield></datafield><datafield ind1="1" ind2="7" tag="785"><subfield code="t">Ionia standard</subfield><subfield code="w">(DLC)sn 85026490</subfield><subfield code="w">(OCoLC)12257640</subfield></datafield><datafield ind1="1" ind2="7" tag="785"><subfield code="t">Weekly sentinel-standard</subfield></datafield></record>